<record><leader>00000cas a22000007a 4500</leader><controlfield tag="001">20613760</controlfield><controlfield tag="008">891108d18881893mouwr ne      0    0eng d</controlfield><datafield ind1=" " ind2=" " tag="010"><subfield code="a">sn 89067302 </subfield></datafield><datafield ind1=" " ind2=" " tag="040"><subfield code="a">MQN</subfield><subfield code="b">eng</subfield><subfield code="c">MQN</subfield><subfield code="d">OCLCQ</subfield></datafield><datafield ind1=" " ind2=" " tag="042"><subfield code="a">msc</subfield></datafield><datafield ind1="0" ind2="0" tag="245"><subfield code="a">Kennett clipper.</subfield></datafield><datafield ind1=" " ind2=" " tag="260"><subfield code="a">Kennett, Mo. :</subfield><subfield code="b">Robt. H. Jones,</subfield><subfield code="c">1888-1893.</subfield></datafield><datafield ind1=" " ind2=" " tag="300"><subfield code="a">v.</subfield></datafield><datafield ind1=" " ind2=" " tag="310"><subfield code="a">Weekly</subfield></datafield><datafield ind1="0" ind2=" " tag="362"><subfield code="a">Vol. 1, no. 9 (June 7, 1888)-v. 6, no. 12 (June 15, 1893).</subfield></datafield><datafield ind1=" " ind2=" " tag="515"><subfield code="a">Vol. 1, no. 8 omitted from numbering, with title change.</subfield></datafield><datafield ind1=" " ind2=" " tag="752"><subfield code="a">United States</subfield><subfield code="b">Missouri</subfield><subfield code="c">Dunklin</subfield><subfield code="d">Kennett.</subfield></datafield><datafield ind1="0" ind2="0" tag="780"><subfield code="t">Clipper (Kennett, Mo.)</subfield><subfield code="w">(DLC)sn 89067301</subfield></datafield><datafield ind1="0" ind2="0" tag="785"><subfield code="t">Dunklin democrat</subfield><subfield code="w">(DLC)sn 89067134</subfield></datafield><datafield ind1="1" ind2=" " tag="029"><subfield code="a">AU@</subfield><subfield code="b">000025867465</subfield></datafield></record>